@article
{pascucci1,

   author={V. Pascucci, K. Cole-McLaughlin
},
   title={Parallel Computation of the Topology of Level Sets
},
   journal=
{Algorithmica},
   volume={38(1)},
   year=2003
,
   pages={249-268
}
} 
@article
{chiang,

   author={Y.-J. Chiang and X. Lu
},
   title={Progressive simplification of tetrahedral meshes preserving all isosurface topologies.
},
   journal=
{Computer Graphics Forum},
   volume={22(3)},
   year=2003
,
   pages={493-504
}
} 
{
@inproceedings{Maadasamy,
  added-at = {2014-09-19T00:00:00.000+0200},
  author = {Maadasamy and Senthilnathan and Doraiswamy and Harish and Natarajan and Vijay},
  biburl = {http://www.bibsonomy.org/bibtex/25d8340cd2ba1fb400d72df2099d483a1/dblp},
  booktitle = {HiPC},
  ee = {http://doi.ieeecomputersociety.org/10.1109/HiPC.2012.6507496},
  interhash = {613e2afeb756fe550751bff37b7dc67d},
  intrahash = {5d8340cd2ba1fb400d72df2099d483a1},
  isbn = {978-1-4673-2372-7},
  keywords = {dblp},
  pages = {1-10},
  publisher = {IEEE Computer Society},
  timestamp = {2015-06-19T16:46:32.000+0200},
  title = {A hybrid parallel algorithm for computing and tracking level set topology.},
  url = {http://dblp.uni-trier.de/db/conf/hipc/hipc2012.html#MaadasamyDN12},
  year = 2012
}
}
{
@inproceedings{Morozov,
  author = {D. Morozov and G. Weber},
  booktitle = {Topological Methods in Data Analysis and Visualization III},
  pages = {89-102},
  title = {Distributed Contour Trees},
  url = {http://escholarship.org/uc/item/9k99z474},
  year = 2014
}
}
{
@inproceedings{Charles,
  author = {C. Gueunet and P. Fortin and J. Jomier and Vijay},
  booktitle = {IEEE Symposium on Large Data Analysis and Visualization 2016, LDAV 2016},
  isbn = {978-1-5090-5659-0},
  publisher = {IEEE},
  title = {Contour forests: Fast multi-threaded augmented contour trees},
  year = 2016
}
}
{
@inproceedings{Carr,
  author = {H. A. Carr and G. H. Weber and C. M. Sewell and J. P. Ahrens},
  booktitle = {IEEE Symposium on Large Data Analysis and Visualization 2016, LDAV 2016},
  isbn = {978-1-5090-5659-0},
  publisher = {IEEE},
  title = {Parallel peak pruning for scalable SMP contour tree computation},
  year = 2016
}
}
{
@inproceedings{adhoc,
  author = {R. Sarkar and X. Zhu and J. Gao and L. J. Guibas and J.S.B. Mitchell},
  booktitle = {INFOCOM 2008. The 27th Conference on Computer Communications},
  isbn = {978-1-4244-2025-4},
  publisher = {IEEE},
  title = {Iso-Contour Queries and Gradient Descent with Guaranteed Delivery in Sensor Networks},
  year = 2008
}
}
